<?xml version="1.0" encoding="UTF-8"?><collection xmlns="http://www.loc.gov/MARC21/slim"><record><leader>00561nam--2200181-i-4500</leader><controlfield tag="001">000012416</controlfield><controlfield tag="002">20161230</controlfield><controlfield tag="005">20161230201029</controlfield><controlfield tag="008">060222s1000------------r-----000-0-eng-d</controlfield><datafield ind1=" " ind2=" " tag="040"><subfield code="a">IFIN-HH</subfield></datafield><datafield ind1=" " ind2=" " tag="080"><subfield code="a">413.232</subfield></datafield><datafield ind1="1" ind2=" " tag="100"><subfield code="a">Stambuleanu, Adrian</subfield></datafield><datafield ind1="1" ind2="0" tag="245"><subfield code="a">Dictionar poliglot de masini si constructii de masini. engleza, romana, germana, franceza, rusa</subfield><subfield code="c">Adrian strmbuleanu, radu georgescu, ariadna bour</subfield></datafield><datafield ind1=" " ind2=" " tag="260"><subfield code="a">Bucuresti</subfield><subfield code="b">Editura Tehnica</subfield><subfield code="c">1969</subfield></datafield><datafield ind1=" " ind2=" " tag="300"><subfield code="a">774 P</subfield></datafield><datafield ind1="1" ind2=" " tag="700"><subfield code="a">Bour, Ariadna</subfield></datafield><datafield ind1=" " ind2=" " tag="852"><subfield code="a">D.447</subfield><subfield code="c">SLT</subfield></datafield><datafield ind1=" " ind2=" " tag="CAT"><subfield code="a">Sys</subfield><subfield code="c">20130226</subfield><subfield code="h">134234</subfield></datafield></record></collection>